@article{Coase-1937-NatureFirm,
  title   = {The {{Nature}} of the {{Firm}}},
  author  = {Coase, R. H.},
  year    = {1937},
  journal = {Economica},
  volume  = {4},
  number  = {16},
  pages   = {386--405},
  issn    = {1468-0335},
  urldate = {2024-01-08},
  langid  = {english}
}
